<record xmlns="http://www.loc.gov/MARC21/slim" xmlns:xsi="http://www.w3.org/2001/XMLSchema-instance" xsi:schemaLocation="http://www.loc.gov/MARC21/slim http://www.loc.gov/standards/marcxml/schema/MARC21slim.xsd">

  <leader>01523nab a2200169   4500</leader>
  <controlfield tag="005">20160331141004.0</controlfield>
  <controlfield tag="008">160112b           f|||| |||| 00| 0 spa d</controlfield>
  <datafield tag="090" ind1=" " ind2=" ">
    <subfield code="a">REVIS 06.02.01</subfield>
  </datafield>
  <datafield ind1="1" ind2=" " tag="100">
    <subfield code="9">1285</subfield>
    <subfield code="a">Gómez Ávalos, Gisselle</subfield>
  </datafield>
  <datafield tag="245" ind1="1" ind2="3">
    <subfield code="a">El uso de la tecnología de la información y la comunicación y el diseño curricular /</subfield>
    <subfield code="c"> Gisselle Gómez Ávalos</subfield>
  </datafield>
  <datafield ind2=" " ind1=" " tag="260">
    <subfield code="a">San José, Costa Rica : </subfield>
    <subfield code="b">Editorial Universidad de Costa Rica,</subfield>
    <subfield code="c">2008</subfield>
  </datafield>
  <datafield ind2=" " ind1=" " tag="300">
    <subfield code="a">páginas 77-97</subfield>
  </datafield>
  <datafield tag="520" ind2=" " ind1=" ">
    <subfield code="a">En las sociedades actuales las tecnologías de la información y la comunicación impregnan todos los quehaceres de la vida de las personas, de ahí la importancia que cobran los procesos de alfabetización tanto informacional como digitales que provea de las herramientas necesarias tanto para el procesamiento de la información como el manejo técnico de las mismas, lo que lleva a plantear un modelo eduactivo que contemple las diferentes dimensiones: la tecnológica, la pedagógica y la administrativa en los procesos de la formación. De ahí que este artículo propone diferentes formas de implementarlas en el campo educativo que enriquezca los procesos de enseñanza-aprendizaje, introduciendo estrategias novedosas para aprender a interactuar con la tecnología a partir de una adecuada planificación curricular</subfield>
  </datafield>
  <datafield tag="650" ind2="4" ind1="1">
    <subfield code="9">1</subfield>
    <subfield code="a">EDUCACIÓN</subfield>
  </datafield>
  <datafield ind1="0" ind2=" " tag="773">
    <subfield code="d">San José, Costa Rica : Editorial de la Universidad de Costa Rica, 1997-</subfield>
    <subfield code="o">R0396</subfield>
    <subfield code="t">EDUCACIÓN: Revista de la Universidad de Costa Rica</subfield>
    <subfield code="g">Vol.32, no.1 (2008) </subfield>
  </datafield>
  <datafield tag="942" ind1=" " ind2=" ">
    <subfield code="2">z</subfield>
    <subfield code="c">10</subfield>
  </datafield>
  <datafield tag="999" ind1=" " ind2=" ">
    <subfield code="c">3012</subfield>
    <subfield code="d">3012</subfield>
  </datafield>
</record>